@article{Brandl2015,
  title={Consistent probabilistic social choice},
  author={Brandl, Florian and Brandt, Felix and Seedig, Hans Georg},
  journal={Econometrica},
  volume={84},
  number={5},
  pages={1839--1880},
  year={2016},
  publisher={Wiley Online Library}
}
@book{Stone2011,
	title        = {The luck of the draw: The role of lotteries in decision making},
	author       = {Stone, Peter},
	year         = 2011,
	publisher    = {Oxford University Press}
}
@article{Zeckhauser1969,
	title        = {Majority rule with lotteries on alternatives},
	author       = {Zeckhauser, Richard},
	year         = 1969,
	journal      = {The Quarterly Journal of Economics},
	publisher    = {JSTOR},
	pages        = {696--703}
}
